02RETORNO01COBRANÇA       44870000001376000280Seabra Eiras Imóveis Ltda     756 - BANCOOB S/A 0402200000000                                                                                                                                                                                                                                                                                               000001
1027095763400011244870000000280000000                         00000228345500000000OU 00000000000000000000 01060302207499                          010220000000025045400104880990302200000000000000000000000000000000000000000000000000000000000000000000000000000000250454000000000000000000000000000000000000000000000000000010000000000000          0007888903061500000000000000000000000000000000000000000005
1027095763400011244870000000280000000                         00000228344800000000OU 00000000000000000000 01060302207498                          010220000000018971534104530990302200000000000000000000000000000000000000000000000000000000000000000000000000000000189715000000000000000000000000000000000000000000000000000010000000000000          0000707907667600000000000000000000000000000000000000000004
1027095763400011244870000000280000000                         00000228348700000000OU 00000000000000000000 01060302207502                          010220000000034471810403530990302200000000000000000000000000000000000000000000000000000000000000000000000000000000344718000000000000000000000000000000000000000000000000000010000000000000          0000551141263500000000000000000000000000000000000000000007
1027095763400011244870000000280000000                         00000228350200000000OU 00000000000000000000 01060302207504                          010220000000035206334101580990302200000000000000000000000000000000000000000000000000000000000000000000000000000000352063000000000000000000000000000000000000000000000000000010000000000000          0000939778360200000000000000000000000000000000000000000009
1027095763400011244870000000280000000                         00000228358000000000OU 00000000000000000000 01060302207512                          010220000000034603234104870990302200000000000000000000000000000000000000000000000000000000000000000000000000000000346032000000000000000000000000000000000000000000000000000010000000000000          2784751900016600000000000000000000000000000000000000000014
1027095763400011244870000000280000000                         00000228355900000000OU 00000000000000000000 01060302207509                          010220000000025525603304270990302200000000000000000000000000000000000000000000000000000000000000000000000000000000255256000000000000000000000000000000000000000000000000000010000000000000          1538834900011000000000000000000000000000000000000000000012
1027095763400011244870000000280000000                         00000228342300000000OU 00000000000000000000 01060302207496                          010220000000027784423703410990302200000000000000000000000000000000000000000000000000000000000000000000000000000000277844000000000000000000000000000000000000000000000000000010000000000000          0003152585764900000000000000000000000000000000000000000002
1027095763400011244870000000280000000                         00000228351000000000OU 00000000000000000000 01060302207505                          010220000000029731323706170990302200000000000000000000000000000000000000000000000000000000000000000000000000000000297313000000000000000000000000000000000000000000000000000010000000000000          0004931172768700000000000000000000000000000000000000000010
1027095763400011244870000000280000000                         00000228343000000000OU 00000000000000000000 01060302207497                          010220000000052661707700000990302200000000000000000000000000000000000000000000000000000000000000000000000000000000526617000000000000000000000000000000000000000000000000000010000000000000          2612253600017300000000000000000000000000000000000000000003
1027095763400011244870000000280000000                         00000228346200000000OU 00000000000000000000 01060302207500                          010220000000045569023703480990302200000000000000000000000000000000000000000000000000000000000000000000000000000000455690000000000000000000000000000000000000000000000000000010000000000000          2084177100011900000000000000000000000000000000000000000006
1027095763400011244870000000280000000                         00000228357300000000OU 00000000000000000000 01060302207511                          010220000000020554434103110990302200000000000000000000000000000000000000000000000000000000000000000000000000000000205544000000000000000000000000000000000000000000000000000010000000000000          0002438047461500000000000000000000000000000000000000000013
1027095763400011244870000000280000000                         00000228349400000000OU 00000000000000000000 01060302207503                          010220000000032537903304230990302200000000000000000000000000000000000000000000000000000000000000000000000000000000325379000000000000000000000000000000000000000000000000000010000000000000          0001022354965700000000000000000000000000000000000000000008
1027095763400011244870000000280000000                         00000228352700000000OU 00000000000000000000 01060302207506                          010220000000033546523701210990302200000000000000000000000000000000000000000000000000000000000000000000000000000000335465000000000000000000000000000000000000000000000000000010000000000000          1329673700014500000000000000000000000000000000000000000011
9027564487SECOVICRED MG                                                                                            00000000                              MG040220200000004700000000047                                                                                                                                                                                                                    000049
