02RETORNO01COBRANÇA       44870000001376000280Seabra Eiras Imóveis Ltda     756 - BANCOOB S/A 1301200000000                                                                                                                                                                                                                                                                                               000001
1027095763400011244870000000280000000                         00000227890700000000OU 00000000000000000000 01061001207044                          100120000000038398200101620991001200000000000000000000000000000000000000000000000000000000000000000000000000000000383982000000000000000000000000000000000000000000000000000010000000000000          0000395419565800000000000000000000000000000000000000000002
1027095763400011244870000000280000000                         00000227891400000000OU 00000000000000000000 01061001207045                          100120000000016325703303180991001200000000000000000000000000000000000000000000000000000000000000000000000000000000163257000000000000000000000000000000000000000000000000000010000000000000          0005062660467200000000000000000000000000000000000000000003
1027095763400011244870000000280000000                         00000227930700000000OU 00000000000000000000 01061001207084                          201219000000013897338900140991001200000000000000000000000000000000000000000000000000000000000000000000000000000000149386000000000000000000000000000000000000000000000000000010000000000000          0008829511765300000000000000000000000000000000000000000004
1027095763400011244870000000280000000                         00000227935300000000OU 00000000000000000000 01061001207089                          100120000000013140900100290991001200000000000000000000000000000000000000000000000000000000000000000000000000000000131409000000000000000000000000000000000000000000000000000010000000000000          0002245199472000000000000000000000000000000000000000000005
1027095763400011244870000000280000000                         00000227939200000000OU 00000000000000000000 01061001207093                          100120000000996100303303180991001200000000000000000000000000000000000000000000000000000000000000000000000000000009961003000000000000000000000000000000000000000000000000000010000000000000          2029020200012200000000000000000000000000000000000000000006
1027095763400011244870000000280000000                         00000228034900000000OU 00000000000000000000 01061001207188                          100120000000047729934100580991001200000000000000000000000000000000000000000000000000000000000000000000000000000000477299000000000000000000000000000000000000000000000000000010000000000000          1661407500010000000000000000000000000000000000000000000007
1027095763400011244870000000280000000                         00000228035600000000OU 00000000000000000000 01061001207189                          100120000000047729934100580991001200000000000000000000000000000000000000000000000000000000000000000000000000000000477299000000000000000000000000000000000000000000000000000010000000000000          2176480700017000000000000000000000000000000000000000000008
1027095763400011244870000000280000000                         00000228121500000000OU 00000000000000000000 01061001207275                          100120000000093029223701240991001200000000000000000000000000000000000000000000000000000000000000000000000000000000930292000000000000000000000000000000000000000000000000000010000000000000          0141309200010200000000000000000000000000000000000000000009
1027095763400011244870000000280000000                         00000228128600000000OU 00000000000000000000 01061001207282                          100120000000065449734104450991001200000000000000000000000000000000000000000000000000000000000000000000000000000000654497000000000000000000000000000000000000000000000000000010000000000000          0000848577868500000000000000000000000000000000000000000010
1027095763400011244870000000280000000                         00000228129300000000OU 00000000000000000000 01061001207283                          100120000000011472334105430991001200000000000000000000000000000000000000000000000000000000000000000000000000000000114723000000000000000000000000000000000000000000000000000010000000000000          1492007200016100000000000000000000000000000000000000000011
1027095763400011244870000000280000000                         00000228130100000000OU 00000000000000000000 01061001207284                          100120000000017755100103490991001200000000000000000000000000000000000000000000000000000000000000000000000000000000177551000000000000000000000000000000000000000000000000000010000000000000          0000755458265800000000000000000000000000000000000000000012
1027095763400011244870000000280000000                         00000228131900000000OU 00000000000000000000 01061001207285                          100120000000016302634104450991001200000000000000000000000000000000000000000000000000000000000000000000000000000000163026000000000000000000000000000000000000000000000000000010000000000000          0001001440161400000000000000000000000000000000000000000013
1027095763400011244870000000280000000                         00000228132600000000OU 00000000000000000000 01061001207286                          100120000000018980234108640991001200000000000000000000000000000000000000000000000000000000000000000000000000000000189802000000000000000000000000000000000000000000000000000010000000000000          0478915900019800000000000000000000000000000000000000000014
1027095763400011244870000000280000000                         00000228133300000000OU 00000000000000000000 01061001207287                          100120000000032744700100640991001200000000000000000000000000000000000000000000000000000000000000000000000000000000327447000000000000000000000000000000000000000000000000000010000000000000          0853862800015700000000000000000000000000000000000000000015
1027095763400011244870000000280000000                         00000228134000000000OU 00000000000000000000 01061001207288                          100120000000188909300103880991001200000000000000000000000000000000000000000000000000000000000000000000000000000001889093000000000000000000000000000000000000000000000000000010000000000000          1775774900018000000000000000000000000000000000000000000016
1027095763400011244870000000280000000                         00000228138000000000OU 00000000000000000000 01061001207292                          100120000000016178007700000991001200000000000000000000000000000000000000000000000000000000000000000000000000000000161780000000000000000000000000000000000000000000000000000010000000000000          0000909773467300000000000000000000000000000000000000000017
1027095763400011244870000000280000000                         00000228139700000000OU 00000000000000000000 01061001207293                          100120000000015756903303480991001200000000000000000000000000000000000000000000000000000000000000000000000000000000157569000000000000000000000000000000000000000000000000000010000000000000          0006318720561500000000000000000000000000000000000000000018
1027095763400011244870000000280000000                         00000228140500000000OU 00000000000000000000 01061001207294                          100120000000047777923702260991001200000000000000000000000000000000000000000000000000000000000000000000000000000000477779000000000000000000000000000000000000000000000000000010000000000000          0912418000019800000000000000000000000000000000000000000019
1027095763400011244870000000280000000                         00000228141200000000OU 00000000000000000000 01061001207295                          100120000000016587534104450991001200000000000000000000000000000000000000000000000000000000000000000000000000000000165875000000000000000000000000000000000000000000000000000010000000000000          0000125993765800000000000000000000000000000000000000000020
1027095763400011244870000000280000000                         00000228143700000000OU 00000000000000000000 01061001207297                          100120000000016498000101580991001200000000000000000000000000000000000000000000000000000000000000000000000000000000164980000000000000000000000000000000000000000000000000000010000000000000          0009102594064400000000000000000000000000000000000000000021
1027095763400011244870000000280000000                         00000228144400000000OU 00000000000000000000 01061001207298                          100120000000018902334100570991001200000000000000000000000000000000000000000000000000000000000000000000000000000000189023000000000000000000000000000000000000000000000000000010000000000000          1089251300010800000000000000000000000000000000000000000022
1027095763400011244870000000280000000                         00000228145100000000OU 00000000000000000000 01061001207299                          100120000000035712334103320991001200000000000000000000000000000000000000000000000000000000000000000000000000000000357123000000000000000000000000000000000000000000000000000010000000000000          0004076833368700000000000000000000000000000000000000000023
1027095763400011244870000000280000000                         00000228147600000000OU 00000000000000000000 01061001207301                          100120000000007378500103850991001200000000000000000000000000000000000000000000000000000000000000000000000000000000073785000000000000000000000000000000000000000000000000000010000000000000          0271477800019800000000000000000000000000000000000000000024
1027095763400011244870000000280000000                         00000228148300000000OU 00000000000000000000 01061001207302                          100120000000014959634100920991001200000000000000000000000000000000000000000000000000000000000000000000000000000000149596000000000000000000000000000000000000000000000000000010000000000000          0000639109764000000000000000000000000000000000000000000025
1027095763400011244870000000280000000                         00000228150900000000OU 00000000000000000000 01061001207304                          100120000000004006275604020991001200000000000000000000000000000000000000000000000000000000000000000000000000000000040062000000000000000000000000000000000000000000000000000010000000000000          0002997883164900000000000000000000000000000000000000000026
1027095763400011244870000000280000000                         00000228151600000000OU 00000000000000000000 01061001207305                          100120000000030487323702940991001200000000000000000000000000000000000000000000000000000000000000000000000000000000304873000000000000000000000000000000000000000000000000000010000000000000          0009906475862000000000000000000000000000000000000000000027
1027095763400011244870000000280000000                         00000228154800000000OU 00000000000000000000 01061001207308                          100120000000015854700103030991001200000000000000000000000000000000000000000000000000000000000000000000000000000000158547000000000000000000000000000000000000000000000000000010000000000000          0001312448571800000000000000000000000000000000000000000028
1027095763400011244870000000280000000                         00000228155500000000OU 00000000000000000000 01061001207309                          100120000000013588100103030991001200000000000000000000000000000000000000000000000000000000000000000000000000000000135881000000000000000000000000000000000000000000000000000010000000000000          0001330832469500000000000000000000000000000000000000000029
1027095763400011244870000000280000000                         00000228156200000000OU 00000000000000000000 01061001207310                          100120000000006061323706020991001200000000000000000000000000000000000000000000000000000000000000000000000000000000060613000000000000000000000000000000000000000000000000000010000000000000          0000705827569600000000000000000000000000000000000000000030
1027095763400011244870000000280000000                         00000228157000000000OU 00000000000000000000 01061001207311                          100120000000022653134105430991001200000000000000000000000000000000000000000000000000000000000000000000000000000000226531000000000000000000000000000000000000000000000000000010000000000000          2531596400015000000000000000000000000000000000000000000031
1027095763400011244870000000280000000                         00000228158700000000OU 00000000000000000000 01061001207312                          100120000000036877800107150991001200000000000000000000000000000000000000000000000000000000000000000000000000000000368778000000000000000000000000000000000000000000000000000010000000000000          0000775815861700000000000000000000000000000000000000000032
1027095763400011244870000000280000000                         00000228159400000000OU 00000000000000000000 01061001207313                          100120000000009733175604020991001200000000000000000000000000000000000000000000000000000000000000000000000000000000097331000000000000000000000000000000000000000000000000000010000000000000          0006661947560400000000000000000000000000000000000000000033
1027095763400011244870000000280000000                         00000228160200000000OU 00000000000000000000 01061001207314                          100120000000094097603303180991001200000000000000000000000000000000000000000000000000000000000000000000000000000000940976000000000000000000000000000000000000000000000000000010000000000000          0736438000019200000000000000000000000000000000000000000034
1027095763400011244870000000280000000                         00000228162700000000OU 00000000000000000000 01061001207316                          100120000000017936323702850991001200000000000000000000000000000000000000000000000000000000000000000000000000000000179363000000000000000000000000000000000000000000000000000010000000000000          0000679620265100000000000000000000000000000000000000000035
1027095763400011244870000000280000000                         00000228163400000000OU 00000000000000000000 01061001207317                          100120000000020530234107000991001200000000000000000000000000000000000000000000000000000000000000000000000000000000205302000000000000000000000000000000000000000000000000000010000000000000          0000676606962700000000000000000000000000000000000000000036
1027095763400011244870000000280000000                         00000228164100000000OU 00000000000000000000 01061001207318                          100120000000017858634101390991001200000000000000000000000000000000000000000000000000000000000000000000000000000000178586000000000000000000000000000000000000000000000000000010000000000000          2638917100014800000000000000000000000000000000000000000037
1027095763400011244870000000280000000                         00000228165900000000OU 00000000000000000000 01061001207319                          100120000000072800234103030991001200000000000000000000000000000000000000000000000000000000000000000000000000000000728002000000000000000000000000000000000000000000000000000010000000000000          0702989600018000000000000000000000000000000000000000000038
1027095763400011244870000000280000000                         00000228167300000000OU 00000000000000000000 01061001207321                          100120000000009427375604020991001200000000000000000000000000000000000000000000000000000000000000000000000000000000094273000000000000000000000000000000000000000000000000000010000000000000          0005515628268700000000000000000000000000000000000000000039
1027095763400011244870000000280000000                         00000228168000000000OU 00000000000000000000 01061001207322                          100120000000056744875604030991001200000000000000000000000000000000000000000000000000000000000000000000000000000000567448000000000000000000000000000000000000000000000000000010000000000000          2348200500010100000000000000000000000000000000000000000040
1027095763400011244870000000280000000                         00000228169800000000OU 00000000000000000000 01061001207323                          100120000000018927426000000991001200000000000000000000000000000000000000000000000000000000000000000000000000000000189274000000000000000000000000000000000000000000000000000010000000000000          0000994896867000000000000000000000000000000000000000000041
1027095763400011244870000000280000000                         00000228170600000000OU 00000000000000000000 01061001207324                          100120000000030048000101620991001200000000000000000000000000000000000000000000000000000000000000000000000000000000300480000000000000000000000000000000000000000000000000000010000000000000          0149755800019700000000000000000000000000000000000000000042
1027095763400011244870000000280000000                         00000228171300000000OU 00000000000000000000 01061001207325                          100120000000057048000101610991001200000000000000000000000000000000000000000000000000000000000000000000000000000000570480000000000000000000000000000000000000000000000000000010000000000000          0308249500013300000000000000000000000000000000000000000043
1027095763400011244870000000280000000                         00000228173800000000OU 00000000000000000000 01061001207327                          100120000000033474275604030991001200000000000000000000000000000000000000000000000000000000000000000000000000000000334742000000000000000000000000000000000000000000000000000010000000000000          2603355200019000000000000000000000000000000000000000000044
1027095763400011244870000000280000000                         00000228174500000000OU 00000000000000000000 01061001207328                          100120000000077265303301740991001200000000000000000000000000000000000000000000000000000000000000000000000000000000772653000000000000000000000000000000000000000000000000000010000000000000          1254274500016100000000000000000000000000000000000000000045
1027095763400011244870000000280000000                         00000228176000000000OU 00000000000000000000 01061001207330                          100120000000103151323700460991001200000000000000000000000000000000000000000000000000000000000000000000000000000001031513000000000000000000000000000000000000000000000000000010000000000000          0406380500013500000000000000000000000000000000000000000046
1027095763400011244870000000280000000                         00000228179100000000OU 00000000000000000000 01061001207333                          100120000000040020323700460991001200000000000000000000000000000000000000000000000000000000000000000000000000000000400203000000000000000000000000000000000000000000000000000010000000000000          0008399579068200000000000000000000000000000000000000000047
1027095763400011244870000000280000000                         00000228180000000000OU 00000000000000000000 01061001207334                          100120000000142715123703490991001200000000000000000000000000000000000000000000000000000000000000000000000000000001427151000000000000000000000000000000000000000000000000000010000000000000          2431281000014100000000000000000000000000000000000000000048
1027095763400011244870000000280000000                         00000228181700000000OU 00000000000000000000 01061001207335                          100120000000120048003301230991001200000000000000000000000000000000000000000000000000000000000000000000000000000001200480000000000000000000000000000000000000000000000000000010000000000000          0000373979967600000000000000000000000000000000000000000049
1027095763400011244870000000280000000                         00000228191000000000OU 00000000000000000000 01061001207345                          110120000000021577900103880991001200000000000000000000000000000000000000000000000000000000000000000000000000000000215779000000000000000000000000000000000000000000000000000010000000000000          0008904398762000000000000000000000000000000000000000000050
1027095763400011244870000000280000000                         00000228213800000000OU 00000000000000000000 01061001207367                          140120000000016852634103110991001200000000000000000000000000000000000000000000000000000000000000000000000000000000168526000000000000000000000000000000000000000000000000000010000000000000          0000882355767400000000000000000000000000000000000000000051
1027095763400011244870000000280000000                         00000228214500000000OU 00000000000000000000 01061001207368                          150120000000024922910400070991001200000000000000000000000000000000000000000000000000000000000000000000000000000000249229000000000000000000000000000000000000000000000000000010000000000000          0006592242582000000000000000000000000000000000000000000052
1027095763400011244870000000280000000                         00000228242100000000OU 00000000000000000000 01061001207396                          150120000000012636034103110991001200000000000000000000000000000000000000000000000000000000000000000000000000000000126360000000000000000000000000000000000000000000000000000010000000000000          0000856578967500000000000000000000000000000000000000000053
1027095763400011244870000000280000000                         00000228246000000000OU 00000000000000000000 01061001207400                          150120000000015671234105320991001200000000000000000000000000000000000000000000000000000000000000000000000000000000156712000000000000000000000000000000000000000000000000000010000000000000          0003561356460400000000000000000000000000000000000000000054
1027095763400011244870000000280000000                         00000228276100000000OU 00000000000000000000 01061001207430                          100120000000099481623703430991001200000000000000000000000000000000000000000000000000000000000000000000000000000000994816000000000000000000000000000000000000000000000000000010000000000000          2199888500013000000000000000000000000000000000000000000055
1027095763400011244870000000280000000                         00000228312200000000OU 00000000000000000000 01061001207466                          100120000000030237723703790991001200000000000000000000000000000000000000000000000000000000000000000000000000000000302377000000000000000000000000000000000000000000000000000010000000000000          0004755004063000000000000000000000000000000000000000000056
9027564487SECOVICRED MG                                                                                            00000000                              MG130120200000005500000000055                                                                                                                                                                                                                    000057
